% Encoding: UTF-8

%%%
%
%Beim Erstellen der Bibtex-Datei wird empfohlen darauf zu achten, dass die DOI aufgef√ºhrt wird.
%
%%%
@online{stable-diffusion,
	author    = {},
	title     = {},
	year      = {2025},
	url       = {https://stability.ai/},
	note      = {Accessed: 2025-06-16}
}
@online{midjourney,
	author    = {},
	title     = {},
	year      = {2025},
	url       = {https://midjourney.online/},
	note      = {Accessed: 2025-06-16}
}
@online{GPT-4o,
	author    = {},
	title     = {},
	year      = {2025},
	url       = {https://chatgpt.com/},
	note      = {Accessed: 2025-06-16}
}
@misc{AI-users,
	key = AI-users,
	note = 0, 
	url=https://www.statista.com/forecasts/1449844/ai-tool-users-worldwide
}


@book{WSPA,
	author={Sanjiva Weerawarana and Francisco Curbera and Frank Leymann and Tony Storey and Donald F. Ferguson},
	title={Web Services Platform Architecture : SOAP, WSDL, WS-Policy, WS-Addressing, WS-BPEL, WS-Reliable Messaging, and More},
	year={2005},
	price={$31.49},
	publisher={Prentice Hall PTR},
	isbn={0131488740},
	doi = {10.1.1/jpb001}
}


% !! DO NOT USE `label =   {ASF}` in other Misc entries !!

@Misc{ApacheODE,
	author = {{The Apache Software Foundation}},
	title =  {Apache ODE\texttrademark{} -- The Orchestration Director Engine},
	year =   {2016},
	label =  {ASF},
	url =    {http://ode.apache.org}
}

@Article{RVvdA2016,
	author =    {H.A. Reijers and I. Vanderfeesten and W.M.P. van der Aalst},
	title =     {The effectiveness of workflow management systems: A longitudinal study},
	journal =   {International Journal of Information Management},
	year =      {2016},
	volume =    {36},
	number =    {1},
	pages =     {126--141},
	month =     feb,
	doi =       {10.1016/j.ijinfomgt.2015.08.003},
	publisher = {Elsevier {BV}}
}
@misc{kingma2022autoencodingvariationalbayes,
	title={Auto-Encoding Variational Bayes}, 
	author={Diederik P Kingma and Max Welling},
	year={2022},
	eprint={1312.6114},
	archivePrefix={arXiv},
	primaryClass={stat.ML},
	url={https://arxiv.org/abs/1312.6114}, 
}
@misc{goodfellow2014generativeadversarialnetworks,
	title={Generative Adversarial Networks}, 
	author={Ian J. Goodfellow and Jean Pouget-Abadie and Mehdi Mirza and Bing Xu and David Warde-Farley and Sherjil Ozair and Aaron Courville and Yoshua Bengio},
	year={2014},
	eprint={1406.2661},
	archivePrefix={arXiv},
	primaryClass={stat.ML},
	url={https://arxiv.org/abs/1406.2661}, 
}
@Comment{jabref-meta: databaseType:biblatex;}
